@article{abdulkadirolu2003a,
  author = {Abdulkadirolu, Atila and Snmez, Tayfun},
  title = {School choice: A mechanism design approach},
  journal = {American Economic Review},
  volume = {93},
  pages = {729–747},
  date = {2003-06},
  year = {2003},
  doi = {doi: 10.1257/000282803322157061},
  url = {https://www.aeaweb.org/articles?id=10.1257/000282803322157061.},
  number = {3},
  language = {}
}
@article{ashraf2010a,
  author = {Ashraf, Nava and Karlan, Dean and Yin, Wesley},
  title = {Female empowerment: Impact of a commitment savings product in the philippines},
  journal = {World Development},
  volume = {38},
  pages = {333–344},
  date = {2010},
  year = {2010},
  doi = {ISSN 0305-750X. doi},
  url = {https://doi.org/10.1016/j.worlddev.2009.05.010.},
  number = {3},
  language = {}
}
@article{bandiera2017a,
  author = {Bandiera, Oriana and Burgess, Robin and Das, Narayan and Gulesci, Selim and Rasul, Imran and Sulaiman, Munshi},
  title = {Labor Markets and Poverty in Village Economies*},
  journal = {The Quarterly Journal of Economics},
  volume = {132},
  pages = {811–870},
  date = {2017},
  year = {2017},
  doi = {doi: 10.1093/qje/qjx003},
  url = {https://doi.org/10.1093/qje/qjx003.},
  source = {ISSN 0033-5533},
  unmatched-volume = {03},
  number = {2},
  language = {}
}
@incollection{banerjee2021a,
  author = {Banerjee, Abhijit and Chandrasekhar, Arun G. and Dalpath, Suresh and Duflo, Esther and Floretta, John and Jackson, Matthew O. and Kannan, Harini and Loza, Francine N. and Sankar, Anirudh and Schrimpf, Anna and Shrestha, Maheshwor},
  title = {Selecting the most effective nudge: Evidence from a largescale experiment on immunization},
  booktitle = {Working Paper 28726, National Bureau of Economic Research},
  date = {2021-04},
  year = {2021},
  url = {http://www.nber.org/papers/w28726.},
  language = {}
}
@article{blattman2017a,
  author = {Blattman, Christopher and Jamison, Julian C. and Sheridan, Margaret},
  title = {Reducing crime and violence: Experimental evidence from cognitive behavioral therapy in liberia},
  journal = {American Economic Review},
  volume = {107},
  pages = {1165–1206},
  date = {2017-04},
  year = {2017},
  doi = {doi: 10.1257/aer.20150503},
  url = {https://www.aeaweb.org/articles?id=10.1257/aer.20150503.},
  number = {4},
  language = {}
}
@article{brownback2018a,
  author = {Brownback, Andy and Novotny, Aaron},
  title = {Social desirability bias and polling errors in the 2016 presidential election},
  journal = {Journal of Behavioral and Experimental Economics},
  volume = {74},
  pages = {38–56},
  date = {2018},
  year = {2018},
  language = {}
}
@article{carpenter2017a,
  author = {Carpenter, Bob and Gelman, Andrew and Hoffman, Matthew D. and Lee, Daniel and Goodrich, Ben and Betancourt, Michael and Brubaker, Marcus and Guo, Jiqiang and Li, Peter and Riddell, Allen},
  title = {Stan: A probabilistic programming language},
  journal = {Journal of statistical software},
  volume = {76},
  date = {2017},
  year = {2017},
  number = {1},
  language = {}
}
@article{delavande2014a,
  author = {Delavande, Adeline},
  title = {Probabilistic expectations in developing countries},
  journal = {Annual Review of Economics},
  volume = {6},
  pages = {1–20},
  date = {2014},
  year = {2014},
  doi = {doi: 10.1146/annurev-economics-072413-105148},
  url = {https://doi.org/10.1146/annurev-economics-072413-105148.},
  number = {1},
  language = {}
}
@misc{dewancker2016a,
  author = {Dewancker, Ian and McCourt, Michael and Ainsworth, Samuel},
  title = {Interactive preference learning of utility functions for multi-objective optimization},
  date = {2016},
  year = {2016},
  url = {https://arxiv.org/abs/1612.04453.},
  language = {}
}
@incollection{furnkranz2010a,
  author = {Furnkranz, Johannes and Hullermeier, Eyke},
  title = {Preference learning and ranking by pairwise comparison},
  booktitle = {Preference learning},
  pages = {65–82},
  publisher = {Springer},
  year = {2010},
  language = {}
}

@misc{stansbury,
  author = {Stansbury, Anna and Schultz, Robert},
  title = {Socioeconomic Diversity of Economics Phds},
  date = {March 28, 2022},
  year = {2022},
  series = {Peterson Institute for International Economics Working Paper},
  volume = {22-4},
  url = {https://ssrn.com/abstract=4068831}
  }
